<?xml version="1.0" encoding="UTF-8"?><collection xmlns="http://www.loc.gov/MARC21/slim"><record><leader>00408nam--2200133-i-4500</leader><controlfield tag="001">000047796</controlfield><controlfield tag="002">20161230</controlfield><controlfield tag="005">20161230201046</controlfield><controlfield tag="008">060222s1000------------r-----000-0-eng-d</controlfield><datafield ind1=" " ind2=" " tag="100"><subfield code="a">Wright, D.A</subfield></datafield><datafield ind1=" " ind2=" " tag="245"><subfield code="a">Bismuth telluride and its thermoelectric applications</subfield></datafield><datafield ind1=" " ind2=" " tag="260"><subfield code="a">Wembely, The General Electric Co. Ltd., 1958, 7p</subfield></datafield><datafield ind1=" " ind2=" " tag="490"><subfield code="a">Solid State Physics In Electronics And Ttelecommunication</subfield></datafield><datafield ind1=" " ind2=" " tag="852"><subfield code="a">15511</subfield></datafield></record></collection>